<?xml version="1.0" encoding="UTF-8"?><record xmlns="http://www.loc.gov/MARC21/slim" xmlns:cinclude="http://apache.org/cocoon/include/1.0" xmlns:zs="http://www.loc.gov/zing/srw/">
  <leader>00560cz  a2200157n  4500</leader>
  <controlfield tag="001">n  81020749 </controlfield>
  <controlfield tag="003">DLC</controlfield>
  <controlfield tag="005">20050528063334.0</controlfield>
  <controlfield tag="008">810313n| acannaab|          |n aaa |||  </controlfield>
  <datafield tag="010" ind1=" " ind2=" ">
    <subfield code="a">n  81020749 </subfield>
  </datafield>
  <datafield tag="035" ind1=" " ind2=" ">
    <subfield code="a">(Uk)000639645</subfield>
  </datafield>
  <datafield tag="040" ind1=" " ind2=" ">
    <subfield code="a">DLC</subfield>
    <subfield code="c">DLC</subfield>
    <subfield code="d">Uk</subfield>
  </datafield>
  <datafield tag="100" ind1="1" ind2=" ">
    <subfield code="a">Firmin, Joe</subfield>
  </datafield>
  <datafield tag="670" ind1=" " ind2=" ">
    <subfield code="a">His Birds of prey, c1980:</subfield>
    <subfield code="b">t.p. (Joe Firmin)</subfield>
  </datafield>
  <datafield tag="670" ind1=" " ind2=" ">
    <subfield code="a">BL AL recd. 20 Oct. 1988</subfield>
    <subfield code="b">(Joe Firmin, born 1925 or 1926)</subfield>
  </datafield>
  <datafield tag="670" ind1=" " ind2=" ">
    <subfield code="a">The butterflies of Colchester and North East Essex, 2002:</subfield>
    <subfield code="b">t.p. (Joe Firmin) p. [117] (a founder of Colchester Natural History Society in 1953)</subfield>
  </datafield>
</record>